@misc{marked-objects,
  title={Model category of marked objects},
  author={Valery Isaev},
  year={2016},
  url={https://arxiv.org/abs/1610.08459}
}

@article{algebraic-models,
  title={Algebraic models for higher categories},
  author={Nikolaus, Thomas},
  year={2011}
}
