@misc{marked-objects,
  title={Model category of marked objects},
  author={Valery Isaev},
  year={2016},
  eprint={1610.08459},
  archivePrefix={arXiv},
  primaryClass={math.CT},
  url={https://arxiv.org/abs/1610.08459}
}

@article{algebraic-models,
  title={Algebraic models for higher categories},
  author={Nikolaus, Thomas},
  journal={Indagationes Mathematicae},
  volume={21},
  number={1-2},
  pages={52--75},
  year={2011},
  publisher={Elsevier}
}

@article{coalgebraic-models,
  title={Coalgebraic models for combinatorial model categories},
  author={Ching, Michael and Riehl, Emily},
  journal={Homology, Homotopy and Applications},
  volume={16},
  number={2},
  pages={171--184},
  year={2014},
  publisher={International Press of Boston}
}

@article{equipping-weak-equivalences,
  author={Bourke, John},
  title={Equipping weak equivalences with algebraic structure},
  journal={Mathematische Zeitschrift},
  year={2019},
  month={Apr},
  day={05},
  abstract={We investigate the extent to which the weak equivalences in a model category can be equipped with algebraic structure. We prove, for instance, that there exists a monad T such that a morphism of topological spaces admits T-algebra structure if and only it is a weak homotopy equivalence. Likewise for quasi-isomorphisms and many other examples. The basic trick is to consider injectivity in arrow categories. Using algebraic injectivity and cone injectivity we obtain general results about the extent to which the weak equivalences in a combinatorial model category can be equipped with algebraic structure.},
  issn={1432-1823},
  doi={10.1007/s00209-019-02305-w},
}

@article{algebraic-weak-factorization-systems-1,
  title={Algebraic weak factorisation systems I: Accessible AWFS},
  volume={220},
  ISSN={0022-4049},
  DOI={10.1016/j.jpaa.2015.06.002},
  number={1},
  journal={Journal of Pure and Applied Algebra},
  publisher={Elsevier BV},
  author={Bourke, John and Garner, Richard},
  year={2016},
  month={Jan},
  pages={108–147}
}

@article{homotopy-theoretic-aspects,
  author = {Lack, Stephen},
  journal = {Journal of Homotopy and Related Structures},
  keywords = {2-monads; Quillen model categories; 2-categories},
  language = {eng},
  number = {2},
  pages = {229-260},
  publisher = {Georgian Academy of Sciences, A. Razmadze Mathematical Institute, Tbilisi; Springer},
  title = {Homotopy-theoretic aspects of 2-monads},
  volume = {2},
  year = {2007},
}

@inproceedings{lcc-categories-and-type-theory,
  title={Locally cartesian closed categories and type theory},
  author={Seely, Robert A. G.},
  booktitle={Mathematical proceedings of the Cambridge philosophical society},
  volume={95},
  number={1},
  pages={33--48},
  year={1984},
  organization={Cambridge University Press}
}

@inproceedings{internal-type-theory,
  title={Internal type theory},
  author={Dybjer, Peter},
  booktitle={International Workshop on Types for Proofs and Programs},
  pages={120--134},
  year={1995},
  organization={Springer}
}

@article{substitution-up-to-isomorphism,
  title={Substitution up to Isomorphism},
  author={Curien, Pierre-Louis},
  journal={Diagrammes},
  volume={23},
  pages={43--66},
  year={1990}
}

@inproceedings{on-the-interpretation-of-type-theory-in-lcc-categories,
  title={On the interpretation of type theory in locally cartesian closed categories},
  author={Hofmann, Martin},
  booktitle={International Workshop on Computer Science Logic},
  pages={427--441},
  year={1994},
  organization={Springer}
}

@article{the-local-universes-model,
  title={The local universes model: an overlooked coherence construction for dependent type theories},
  author={Lumsdaine, Peter LeFanu and Warren, Michael A},
  journal={ACM Transactions on Computational Logic (TOCL)},
  volume={16},
  number={3},
  pages={1--31},
  year={2015},
  publisher={ACM New York, NY, USA}
}

@article{internal-languages-of-finitely-complete-infty-categories,
  title={Internal languages of finitely complete {$(\infty, 1)$}-categories},
  author={Kapulkin, Krzysztof and Szumi{\l}o, Karol},
  journal={Selecta Mathematica},
  volume={25},
  number={2},
  pages={33},
  year={2019},
  publisher={Springer}
}

@article{takeuti-gandy-semi-simplicial,
  title={A generalization of the Takeuti--Gandy interpretation},
  author={Barras, Bruno and Coquand, Thierry and Huber, Simon},
  journal={Mathematical structures in computer science},
  volume={25},
  number={5},
  pages={1071--1099},
  year={2015},
  publisher={Cambridge University Press}
}

@article{towards-constructive-simplicial-model,
  title={Towards a constructive simplicial model of Univalent Foundations},
  author={Gambino, Nicola and Henry, Simon},
  journal={arXiv preprint arXiv:1905.06281},
  year={2019}
}

@book{basic-concepts-of-enriched-category-theory,
  title = {Basic concepts of enriched category theory},
  publisher = {Cambridge University Press},
  year = {1982},
  author = {G. M. Kelly},
  volume = {64},
  series = {London Mathematical Society Lecture Note Series},
  note = {Also available online in Reprints in Theory and Applications of Categories, No. 10 (2005) pp. 1-136}
}

@book{enriched-kan-extensions,
  title={Kan extensions in enriched category theory},
  author={Dubuc, Eduardo J.},
  year={1970},
  publisher={Springer}
}

@article{two-dimensional-monad-theory,
  title={Two-dimensional monad theory},
  author={Blackwell, Robert and Kelly, Gregory Maxwell and Power, A. John},
  journal={Journal of pure and applied algebra},
  volume={59},
  number={1},
  pages={1--41},
  year={1989},
  publisher={North-Holland}
}

@incollection{locales-and-toposes-as-spaces,
  title={Locales and toposes as spaces},
  author={Vickers, Steven},
  booktitle={Handbook of spatial logics},
  pages={429--496},
  year={2007},
  publisher={Springer}
}

@article{au-sketches,
  author={Vickers, Steven},
  year={2016},
  month={08},
  pages={},
  title={Sketches for arithmetic universes},
  journal={Journal of Logic and Analysis},
  doi={10.4115/jla.2019.11.FT4}
}

@book{hirschhorn,
  title={Model categories and their localizations},
  author={Hirschhorn, Philip S.},
  year={2003},
  publisher={American Mathematical Soc.}
}

@misc{enriched-model-cats,
  title={Enriched model categories and presheaf categories},
  author={Bertrand Guillou and J. Peter May},
  journal={New York J. of Mathematics},
  volume={26},
  pages={37--91},
  year={2020}
}

@article{groupoid-model-cat,
  author = {Anderson, D. W.},
  journal = {Bulletin of the American Mathematical Society},
  month = {09},
  number = {5},
  pages = {765--788},
  publisher = {American Mathematical Society},
  title = {Fibrations and geometric realizations},
  volume = {84},
  year = {1978}
}

@book{higher-topos-theory,
  title={Higher topos theory},
  author={Lurie, Jacob},
  year={2009},
  publisher={Princeton University Press}
}

@book{hovey-model-categories,
  title={Model categories},
  author={Hovey, Mark},
  number={63},
  year={2007},
  publisher={American Mathematical Soc.}
}

@inproceedings{biequivalence-lcc-cwf,
  title={The biequivalence of locally cartesian closed categories and Martin-Löf type theories},
  author={Clairambault, Pierre and Dybjer, Peter},
  booktitle={International Conference on Typed Lambda Calculi and Applications},
  pages={91--106},
  year={2011},
  organization={Springer}
}

@article{au-as-list-arithmetic-pretopos,
  title={Joyal's arithmetic universe as list-arithmetic pretopos},
  author={Maietti, Maria Emilia},
  journal={Theory \& Applications of Categories},
  volume={24},
  pages={39--83},
  year={2010}
}
